@Article{anonymous78,
  Title                    = {{I}nfluenza in a boarding school},
  Author                   = {Anonymous},
  Journal                  = {British Medical Journal},
  Year                     = {1978},
  Pages                    = {587},
  Volume                   = {1}
}

@Article{arulampalam02,
  Title                    = {A tutorial on particle filters for online nonlinear, non-{G}aussian {B}ayesian tracking},
  Author                   = {Arulampalam, M. S. and Maskell, S. and Gordon, N. and Clapp, T.},
  Journal                  = {IEEE Trans. Sig. Proc.},
  Year                     = {2002},
  Pages                    = {174--188},
  Volume                   = {50},
  Doi                      = {10.1109/78.978374}
}

@Article{bhadra11,
  Title                    = {Malaria in {N}orthwest {I}ndia: Data analysis via partially observed stochastic differential equation models driven by {L}\'{e}vy noise},
  Author                   = {Bhadra,Anindya and Ionides, Edward L. and Laneri, Karina and Pascual, Mercedes and Bouma, Menno and Dhiman, R.},
  Journal                  = {Journal of the Americal Statistical Association},
  Year                     = {2011},
  Pages                    = {440--451},
  Volume                   = {106},
  Doi                      = {10.1198/jasa.2011.ap10323}
}

@Article{breto09,
  Title                    = {{T}ime series analysis via mechanistic models},
  Author                   = {Carles Bret\'{o} and Daihai He and Edward L. Ionides and Aaron A. King},
  Journal                  = {Annals of Applied Statistics},
  Year                     = {2009},
  Number                   = {1},
  Pages                    = {319--348},
  Volume                   = {3},

  Doi                      = {10.1214/08-AOAS201}
}

@Book{doucet01,
  Title                    = {{S}equential {M}onte {C}arlo {M}ethods in {P}ractice},
  Editor                   = {Arnaud Doucet and de Freitas, Nando and Neil Gordon},
  Publisher                = {Springer-Verlag},
  Year                     = {2001},
  Address                  = {New York},
  Booktitle                = {Sequential Monte Carlo Methods in Practice}
}

@Article{ionides15,text={Ionides, EL, D Nguyen, Y Atchade, S Stoev and AA King. (2015). Inference for dynamic and latent variable models via iterated, perturbed Bayes maps. PNAS 112:719-724.},
Author = {Ionides, Edward L. and Nguyen, Dao and Atchad\'{e}, Yves and Stoev, Stilian and King, Aaron A.}, 
Title = {Inference for dynamic and latent variable models via iterated, perturbed {B}ayes maps},
Year = {2015}, 
doi = {10.1073/pnas.1410597112}, 
URL = {http://www.pnas.org/content/early/2015/01/07/1410597112.abstract}, 
Journal = {Proceedings of the National Academy of Sciences of USA},
Volume = 112,
Number =  3,
Pages = "719â€“-724"
}

@Book{keeling07,
  Title                    = {Modeling Infectious Diseases in Humans and Animals},
  Author                   = {Keeling, Matthew and Rohani, Pejman},
  Publisher                = {Princeton University Press},
  Year                     = {2007},
  Address                  = {Princeton}
}

@Article{kitagawa87,
  Title                    = {Non-{Gauss}ian State-Space Modeling of Nonstationary Time Series},
  Author                   = {Kitagawa, Genshiro},
  Journal                  = {Journal of the American Statistical Association},
  Year                     = {1987},
  Number                   = {400},
  Pages                    = {1032--1041},
  Volume                   = {82},
  Doi                      = {10.1080/01621459.1987.10478534},
  Publisher                = {Taylor \& Francis Group}
}

@Article{laneri10,
  Title                    = {Forcing versus feedback: Epidemic malaria and monsoon rains in {NW} {I}ndia},
  Author                   = {Laneri, Karina and Bhadra, Anindya and Ionides, Edward L. and Bouma, Menno and Yadav, R. and Dhiman, R. and Pascual, Mercedes},
  Journal                  = {PLoS Comput. Biol.},
  Year                     = {2010},
  Pages                    = {e1000898},
  Volume                   = {6},

  Doi                      = {10.1371/journal.pcbi.1000898}
}

@Book{robert04,
  Title                    = {{M}onte {C}arlo {S}tatistical {M}ethods},
  Author                   = {Christian P. Robert and George Casella},
  Publisher                = {Springer-Verlag},
  Year                     = {2004},
  Edition                  = {2nd}
}
