% !TEX encoding = UTF-8 Unicode

@misc{merger,
author = {{Delta Air Lines}},
title = {Delta Air Lines, Northwest Airlines Combining To Create America's Premier Global Airline},
url = {https://web.archive.org/web/20080415215425/http://news.delta.com/article_display.cfm?article_id=11034},
note = {Accessed: 2018-3-3},
year = {2008},
}

@misc{merger_wiki,
author = {Wikipedia},
title = {Delta Air Lines–Northwest Airlines merger},
url = {https://en.wikipedia.org/wiki/Delta_Air_Lines–Northwest_Airlines_merger},
note = {Accessed: 2018-3-3},
year = {2018},
}

@misc{late_dataset,
author = {Bureau of Transportation Statistics},
title = {Detailed Statistics Arrivals},
Url = {https://www.transtats.bts.gov/ONTIME/Arrivals.aspx},
note = {Accessed: 2018-3-4},
year = {2018},
}

@misc{class_notes,
author = {Ed Ionides},
title = {Stats 531 (Winter 2018) ‘Analysis of Time Series’},
url = {https://ionides.github.io/531w18/#class-notes},
note = {Accessed: 2018-3-3},
year = {2018},
}

@book{seasonal_paper, 
author={G.E.P. Box and G. Jenkins}, 
title={Time Series Analysis, Forecasting and Control}, 
year={1970}, 
publisher = {Holden-Day},
}