@Article{anonymous78,
  Title                    = {{I}nfluenza in a boarding school},
  Author                   = {Anonymous},
  Journal                  = {British Medical Journal},
  Year                     = {1978},
  Pages                    = {587},
  Volume                   = {1}
}

@Article{bhadra11,
  Title                    = {Malaria in {N}orthwest {I}ndia: Data analysis via partially observed stochastic differential equation models driven by {L}\'{e}vy noise},
  Author                   = {Bhadra,Anindya and Ionides, Edward L. and Laneri, Karina and Pascual, Mercedes and Bouma, Menno and Dhiman, R.},
  Journal                  = {Journal of the Americal Statistical Association},
  Year                     = {2011},
  Pages                    = {440--451},
  Volume                   = {106},
  Doi                      = {10.1198/jasa.2011.ap10323}
}

@Article{breto09,
  Title                    = {{T}ime series analysis via mechanistic models},
  Author                   = {Carles Bret\'{o} and Daihai He and Edward L. Ionides and Aaron A. King},
  Journal                  = {Annals of Applied Statistics},
  Year                     = {2009},
  Number                   = {1},
  Pages                    = {319--348},
  Volume                   = {3},

  Doi                      = {10.1214/08-AOAS201}
}

@Book{keeling07,
  Title                    = {Modeling Infectious Diseases in Humans and Animals},
  Author                   = {Keeling, Matthew and Rohani, Pejman},
  Publisher                = {Princeton University Press},
  Year                     = {2007},
  Address                  = {Princeton}
}

@Article{laneri10,
  Title                    = {Forcing versus feedback: Epidemic malaria and monsoon rains in {NW} {I}ndia},
  Author                   = {Laneri, Karina and Bhadra, Anindya and Ionides, Edward L. and Bouma, Menno and Yadav, R. and Dhiman, R. and Pascual, Mercedes},
  Journal                  = {PLoS Comput. Biol.},
  Year                     = {2010},
  Pages                    = {e1000898},
  Volume                   = {6},

  Doi                      = {10.1371/journal.pcbi.1000898}
}
