@InCollection{mccleery91,
  Title                    = {Effects of predation on the numbers of great tits {\emph{Parus major}}},
  Author                   = {McCleery, R. H. and Perrins, C. M.},
  Booktitle                = {Bird population studies. Relevence to Conservation and Management},
  Publisher                = {Oxford University Press},
  Year                     = {1991},
  Address                  = {Oxford},
  Pages                    = {129--147}
}
