@Article{ionides15,text={Ionides, EL, D Nguyen, Y Atchade, S Stoev and AA King. (2015). Inference for dynamic and latent variable models via iterated, perturbed Bayes maps. PNAS 112:719-724.},
Author = {Ionides, Edward L. and Nguyen, Dao and Atchad\'{e}, Yves and Stoev, Stilian and King, Aaron A.}, 
Title = {Inference for dynamic and latent variable models via iterated, perturbed {B}ayes maps},
Year = {2015}, 
doi = {10.1073/pnas.1410597112}, 
URL = {http://www.pnas.org/content/early/2015/01/07/1410597112.abstract}, 
Journal = {Proceedings of the National Academy of Sciences of USA},
Volume = 112,
Number =  3,
Pages = "719â€“-724"
}

@Article{martinez-bakker15, 
Author = {Martinez-Bakker, M. and King, A. A. and Rohani, P.},
Year = {2015}, 
Title = {Unraveling the Transmission Ecology of Polio},
Journal = {PLoS Biology},
Volume = {13},
Number={6},
Pages = {e1002172}
}
